<?xml version="1.0" encoding="UTF-8"?><collection xmlns="http://www.loc.gov/MARC21/slim"><record><leader>00350nam--2200121-i-4500</leader><controlfield tag="001">000021999</controlfield><controlfield tag="002">20161230</controlfield><controlfield tag="005">20161230201034</controlfield><controlfield tag="008">060222s1000------------r-----000-0-eng-d</controlfield><datafield ind1=" " ind2=" " tag="100"><subfield code="a">Gregory, R.H</subfield></datafield><datafield ind1=" " ind2=" " tag="245"><subfield code="a">Van horn, r.l</subfield></datafield><datafield ind1=" " ind2=" " tag="260"><subfield code="a">Automatic Data-processing Systems. Principles And Procedures</subfield></datafield><datafield ind1=" " ind2=" " tag="490"><subfield code="a">London, Chatto And Windus Ltd., 1960, Xii + 705p</subfield></datafield></record></collection>